% Encoding: UTF-8

@incollection{serrai,
	location = {Roma},
	title = {La citazione bibliografica},
	isbn = {978-88-7870-454-1},
	pages = {pp.~31--33},
	booktitle = {Natura elementi e origine della bibliografia, in quanto mappa del sapere e delle lettere},
	publisher = {Bulzoni},
	author = {Serrai, Alfredo},
	langid = {italian},
	date = {2010}
}

@mvreference{treccani,
  title     = {Il Vocabolario Treccani},
  date      = {1997},
  volumes   = {5},
  edition   = {2},
  publisher = {Istituto della Enciclopedia italiana},
  location  = {Roma},
  langid    = {italian},
}


@Manual{uni690,
  author     = {{UNI ISO 690}},
  title      = {Documentazione -- Riferimenti bibliografici -- Contenuto, forma e struttura},
  date       = {2007},
  type       = {norma {ISO}},
  publisher  = {Ente Nazionale Italiano di Unificazione},
  location   = {Milano},
  url        = {http://www.uni.com/},
  langid     = {italian},
  shorttitle = {{UNI ISO} 690:2007},
}

@Manual{iso690,
  author     = {{ISO 690}},
  title      = {Information and documentation -- Guidelines for bibliographic references and citations to information resources},
  date       = {2010},
  type       = {norma {ISO}},
  publisher  = {International Organization for Standardization},
  location   = {Ginevra},
  url        = {http://www.iso.org/},
  langid     = {english},
  shorttitle = {{ISO} 690:2010},
}

@book{sposi,
	location = {Milano},
	title = {I promessi sposi},
	isbn = {88-04-39440-4},
	series = {Oscar classici},
	pagetotal = {746 p.},
	number = {324},
	publisher = {A. Mondadori},
	author = {Manzoni, Alessandro},
	date = {1995},
	note = {Riproduzione facsimile dell'edizione: Milano, dalla Tipografia Guglielmini e Redaelli, 1840.},
	langid = {italian},
	annotation = {Questo è un commento inserito nel campo \texttt{annotation}, mentre ho colorato il contenuto del campo \texttt{note} così da individuare facilmente la sua posizione tra le altre informazioni bibliografiche.}
}

@Comment{jabref-meta: databaseType:biblatex;}
