
@manual{biblatex,
	edition = {3.14},
	title = {The Bib{\LaTeX} Package},
	url = {https://ctan.org/pkg/biblatex},
	pagetotal = {322},
	author = {Lehman, Philipp and Kime, Philip and Wemheuer, Moritz},
	urldate = {2020-04-07},
	date = {2019-12-01},
	langid = {english},
	annotation = {Documentazione a corredo del pacchetto \pack{biblatex}.},
	file = {Lehman et al. - The biblatex Package.pdf:C\:\\Users\\Filippo\\Zotero\\storage\\W2CD79QN\\Lehman et al. - The biblatex Package.pdf:application/pdf}
}

@manual{biber,
	edition = {2.14},
	title = {biber},
	subtitle = {a backend bibliography processor for biblatex},
	url = {https://ctan.org/pkg/biber},
	pagetotal = {55},
	author = {Kime, Philip and Charette, François},
	urldate = {2020-04-07},
	date = {2019-12-01},
	langid = {english},
	annotation = {Documentazione a corredo del programma \prog{biber}.}
}

@book{pantieri:arte,
	edition = {2},
	title = {L'arte di scrivere con {\LaTeX}},
	url = {http://www.lorenzopantieri.net/LaTeX.html},
	pagetotal = {12, 174},
	author = {Pantieri, Lorenzo},
	urldate = {2020-04-07},
	date = {2019},
	langid = {italian},
	annotation = {Guida di base per chi si affaccia al mondo \LaTeX, c'è tutto quel che serve per scrivere i primi documenti, tesi compresa. In alcune parti riprende ``A not so short introduction\dots'', con il vantaggio di approfondire gli aspetti peculiari della tipografia italiana.},
	file = {Pantieri - L'arte di scrivere con LaTeX.pdf:C\:\\Users\\Filippo\\Zotero\\storage\\JQCT86FC\\Pantieri - L'arte di scrivere con LaTeX.pdf:application/pdf}
}

@book{kopka:guide,
	location = {Boston},
	title = {Guide to {\LaTeX}},
	edition = {4},
	isbn = {0-321-17385-6},
	pagetotal = {{XII}, 597 p.},
	publisher = {Addison-Wesley},
	author = {Kopka, Helmut and Daly, Patrick W.},
	date = {2004},
	annotation = {Uno dei manuali più famosi, giunto alla quarta edizione. Una buona lettura, rispetto alle guide di Oetiker e Pantieri è più approfondito (e corposo).}
}

@book{companion,
	location = {Boston},
	title = {The {\LaTeX} companion},
	edition = {2},
	isbn = {0-201-36299-6},
	pagetotal = {{XXIV}, 1090 p.},
	publisher = {Addison-Wesley},
	author = {Mittelbach, Frank and Goossens, Michel and Braams, Johannes and Carlisle, David and Rowley, Chris},
	date = {2004},
	annotation = {Il complemento al libro di Lamport: ne continua e approfondisce i contenuti, in particolare per quanto riguarda i pacchetti esterni.}
}

@book{lamport:latex,
	location = {Reading, Mass.},
	title = {{\LaTeX}: a document preparation system. User's guide and reference manual},
	edition = {2},
	isbn = {0-201-52983-1},
	pagetotal = {{XVI}, 272 p.},
	publisher = {Addison-Wesley},
	author = {Lamport, Leslie},
	date = {1994},
	annotation = {Il manuale scritto dal creatore di {\LaTeX}, Leslie Lamport. Nel testo non illustra tutto ciò che {\LaTeX} può fare, ma, rispetto ad altre guide di base in questa bibliografia, raggiunge un livello di approfondimento maggiore.}
}

@book{notsoshort,
	edition = {6.3},
	title = {The Not So Short Introduction to {\LaTeXe}},
	pagetotal = {153},
	author = {Oetiker, Tobias and Partl, Hubert and Hyna, Irene and Schlegl, Elisabeth},
	date = {2018-03-26},
	langid = {english},
	annotation = {Guida introduttiva, pensata per il neofita. Nella sua ultima versione mescola alcune nozioni di base con altri argomenti più avanzati, ma rimane una buona panoramica per chi si affaccia per la prima volta al mondo di \LaTeX},
	file = {Oetiker et al. - The Not So Short Introduction to LATEX 2ε.pdf:C\:\\Users\\Filippo\\Zotero\\storage\\494FXQK9\\Oetiker et al. - The Not So Short Introduction to LATEX 2ε.pdf:application/pdf}
}

@online{mendeley,
	author = {Fowler, Daniel S.},
	title = {Mendeley Annotated Bibliography {\LaTeX} Template},
	url = {https://tekeye.uk/free_resources/mendeley-annotated-bibliography-latex-template},
	urldate = {2019-03-26},
	%annotation = {Breve guida per creare una bibliografia commentata, scritta per Mendeley, ma valida anche per Zotero.},
	file = {Mendeley Annotated Bibliography LaTeX Template | Tek Eye:C\:\\Users\\Filippo\\Zotero\\storage\\3VGBFSY3\\mendeley-annotated-bibliography-latex-template.html:text/html}
}

@book{pantieri:latexpedia,
	title = {{\LaTeX}pedia},
	pagetotal = {{XVIII}, 390},
	author = {Pantieri, Lorenzo},
	date = {2018},
	langid = {italian},
	annotation = {Una versione estesa de ``L'arte di scrivere con {\LaTeX}'' (anche nella mole, circa il doppio delle pagine); che tratta anche tipi di documenti diversi, come il curriculum o la presentazione.},
	file = {LaTeXpedia.pdf:C\:\\Users\\Filippo\\Zotero\\storage\\LL6UCEMD\\LaTeXpedia.pdf:application/pdf}
}

@book{guit,
	edition = {B5-0.99.41 --- 2020-01-15},
	title = {Introduzione all'arte della composizione tipografica con {\LaTeX}},
	url = {https://www.guitex.org/home/images/doc/guidaguit-b5.pdf},
	pagetotal = {815},
	publisher = {\GuIT},
	author = {{Gruppo utilizzatori italiani di {\TeX}}},
	shortauthor = {\GuIT},
	urldate = {2020-04-07},
	date = {2020},
	langid = {italian},
	annotation = {Una delle guide più complete disponibili su {\LaTeX}, per di più in italiano. Lettura assolutamente consigliata per chiunque voglia approfondire l'argomento.},
	file = {Introduzione all'arte della composizione tipografi.pdf:C\:\\Users\\Filippo\\Zotero\\storage\\IAEKDII2\\Introduzione all'arte della composizione tipografi.pdf:application/pdf}
}